@article{Khorov2015a,
author = {Khorov, Evgeny and Lyakhov, Andrey and Krotov, Alexander and Guschin, Andrey},
doi = {10.1016/j.comcom.2014.08.008},
journal = {Computer Communications},
pages = {53--69},
title = {A survey on {IEEE} 802.11ah: An enabling networking technology for smart cities},
volume = {58},
year = {2015}
}


@inproceedings{Zhou2013,
author = {Zhou, Yuan and Wang, Haiguang and Zheng, Shoukang and Lei, Zander Zhongding},
booktitle = {2013 IEEE International Conference on Communications Workshops (ICC)},
doi = {10.1109/ICCW.2013.6649432},
pages = {1269--1273},
publisher = {IEEE},
title = {Advances in {IEEE} 802.11ah standardization for machine-type communications in sub-{1GHz} WLAN},
year = {2013}
}

@article{Sun2014,
author = {Sun, Weiping and Choi, Munhwan and Choi, Sunghyun},
journal = {Journal of ICT Standardization},
number = {2},
pages = {83--108},
title = {{IEEE} 802.11ah: A Long Range 802.11 WLAN at Sub 1 GHz},
volume = {2},
year = {2014}
}

@inproceedings{Aust2012a,
author = {Aust, Stefan and Prasad, R. Venkatesha and Niemegeers, Ignas G. M. M.},
booktitle = {2012 IEEE International Conference on Communications (ICC)},
doi = {10.1109/ICC.2012.6364903},
pages = {6885--6889},
publisher = {IEEE},
title = {{IEEE} 802.11ah: Advantages in standards and further challenges for sub 1 {GHz Wi-Fi}},
year = {2012}
}

@article{Adame2014,
author = {Adame, Toni and Bel, Albert and Bellalta, Boris and Barcelo, Jaume and Oliver, Miquel},
doi = {10.1109/MWC.2014.7000982},
journal = {IEEE Wireless Communications},
number = {6},
pages = {144--152},
title = {{IEEE} 802.11AH: the {WiFi} approach for {M2M} communications},
volume = {21},
year = {2014}
}

@article{Park2015,
author = {Park, Minyoung},
doi = {10.1109/MCOM.2015.7263359},
journal = {IEEE Communications Magazine},
number = {9},
pages = {145--151},
title = {{IEEE} 802.11ah: sub-1-GHz license-exempt operation for the internet of things},
volume = {53},
year = {2015}
}

@inproceedings{Aust2014,
author = {Aust, Stefan and Prasad, R. Venkatesha},
booktitle = {IEEE Local Computer Networks Conference},
title = {Advances in Wireless {M2M} and {IoT}: Rapid {SDR}-prototyping of {IEEE} 802.11ah},
year = {2014}
}

@inproceedings{Aust2013,
author = {Aust, Stefan and Prasad, R. Venkatesha and Niemegeers, Ignas G. M. M.},
booktitle = {11th International Symposium on Modeling \& Optimization in Mobile, Ad Hoc \& Wireless Networks (WiOpt)},
pages = {89--94},
publisher = {IEEE},
title = {Performance study of {MIMO-OFDM} platform in narrow-band sub-1 {GHz} wireless {LANs}},
year = {2013}
}

@inproceedings{Casas2015,
author = {Casas, Raul A. and Papaparaskeva, Vakis and Kumar, Rishi and Kaul, Piyush and Hijazi, Samer},
booktitle = {IEEE 16th International Symposium on A World of Wireless, Mobile and Multimedia Networks (WoWMoM)},
doi = {10.1109/WoWMoM.2015.7158203},
title = {An {IEEE} 802.11ah programmable modem},
year = {2015}
}

@inproceedings{Li2014,
author = {Li, Mingming and Wang, Dongxu},
booktitle = {Proceedings of the 1st International Conference on Internet of Vehicles},
doi = {10.1007/978-3-319-11167-4},
pages = {211--217},
publisher = {Springer International Publishing},
title = {Indoor Coverage Performance Comparison between {IEEE} 802.11g and {IEEE} 802.11 ah of Wireless Nodes in {M2M} Network},
year = {2014}
}

@inproceedings{Aust2012b,
author = {Aust, Stefan and Ito, Tetsuya},
booktitle = {2012 International Conference on Computing, Networking and Communications (ICNC)},
doi = {10.1109/ICCNC.2012.6167392},
pages = {116--120},
publisher = {IEEE},
title = {Sub {1GHz} wireless {LAN} propagation path loss models for urban smart grid applications},
year = {2012}
}

@inproceedings{Hazmi2012,
author = {Hazmi, Ali and Rinne, Jukka and Valkama, Mikko},
booktitle = {2012 IEEE Globecom Workshops},
doi = {10.1109/GLOCOMW.2012.6477839},
pages = {1687--1692},
publisher = {IEEE},
title = {Feasibility study of {IEEE} 802.11ah radio technology for {IoT} and {M2M} use cases},
year = {2012}
}

@inproceedings{Ba2016,
author = {Ba, Ao and Liu, Yao-Hong and van den Heuvel, Johan and Mateman, Paul and Busze, Benjamin and Gloudemans, Jordy and Vis, Peter and Dijkhuis, Johan and Bachmann, Christian and Dolmans, Guido and Philips, Kathleen and de Groot, Harmke},
booktitle = {IEEE International Solid-State Circuits Conference (ISSCC)},
doi = {10.1109/ISSCC.2016.7418096},
pages = {440--441},
title = {26.3{A} 1.3{nJ/b} {IEEE} 802.11ah fully digital polar transmitter for {IoE} applications},
year = {2016}
}

@article{Bianchi2000,
author = {Bianchi, Giuseppe},
doi = {10.1109/49.840210},
journal = {IEEE Journal on Selected Areas in Communications},
number = {3},
pages = {535--547},
title = {Performance analysis of the {IEEE} 802.11 distributed coordination function},
volume = {18},
year = {2000}
}

@article{Duffy2005,
author = {Duffy, Ken and Malone, David and Leith, Douglas J},
doi = {10.1109/LCOMM.2005.1496592},
journal = {IEEE Communications Letters},
number = {8},
pages = {715--717},
title = {Ireland Maynooth-Modeling the 802.11 Distributed Coordination Function in Non-Saturated Conditions},
volume = {9},
year = {2005}
}

@article{Daneshgaran2008,
author = {Daneshgaran, F. and Laddomada, M. and Mesiti, F. and Mondin, M.},
doi = {10.1109/TWC.2008.060859},
journal = {IEEE Transactions on Wireless Communications},
number = {4},
pages = {1276--1286},
title = {Unsaturated throughput analysis of {IEEE} 802.11 in presence of non ideal transmission channel and capture effects},
volume = {7},
year = {2008}
}


@article{Khorov2015b,
author = {Khorov, Evgeny and Krotov, Alexander and Lyakhov, Andrey},
doi = {10.1109/ICCW.2015.7247332},
journal = {IEEE International Conference on Communication Workshop (ICCW)},
number = {14},
pages = {1149--1154},
title = {Modelling machine type communication in IEEE 802.11ah networks},
year = {2015}
}


@article{Zheng2014,
author = {Zheng, Lei and Ni, Minming and Cai, Lin and Pan, Jianping and Ghosh, Chittabrata and Doppler, Klaus},
doi = {10.1109/TWC.2014.2337315},
journal = {IEEE Transactions on Wireless Communications},
number = {11},
pages = {6180--6192},
title = {Performance Analysis of Group-Synchronized DCF for Dense {IEEE} 802.11 Networks},
volume = {13},
year = {2014}
}

@inproceedings{Zhao2015,
author = {Zhao, Yue and Yilmaz, Osman N. C. and Larmo, Anna},
booktitle = {IEEE Globecom Workshops (GC Wkshps)},
doi = {10.1109/GLOCOMW.2015.7414004},
isbn = {978-1-4673-9526-7},
pages = {1--6},
title = {Optimizing {M2M} Energy Efficiency in {IEEE} 802.11ah},
year = {2015}
}


@inproceedings{Qutab-ud-din2015,
author = {Qutab-ud-din, Muhammad and Hazmi, Ali and Badihi, Behnam and Larmo, Anna and Torsner, Johan and Valkama, Mikko},
booktitle = {IEEE 16th International Symposium on A World of Wireless, Mobile and Multimedia Networks (WoWMoM)},
doi = {10.1109/WoWMoM.2015.7158204},
isbn = {978-1-4799-8461-9},
title = {Performance analysis of IoT-enabling {IEEE} 802.11ah technology and its RAW mechanism with non-cross slot boundary holding schemes},
year = {2015}
}


@inproceedings{Wang2015,
author = {Wang, Yanru and Li, Yun and Chai, Kok Keong and Chen, Yue and Schormans, John},
booktitle = {IEEE International Conference on Smart Grid Communications (SmartGridComm)},
doi = {10.1109/SmartGridComm.2015.7436363},
isbn = {978-1-4673-8289-2},
pages = {581--586},
title = {Energy-aware adaptive restricted access window for {IEEE} 802.11ah based smart grid networks},
year = {2015}
}


@inproceedings{Park2014a,
author = {Park, Minyoung},
booktitle = {IEEE International Conference on Communications (ICC)},
doi = {10.1109/ICC.2014.6883680},
pages = {2388--2393},
title = {{IEEE} 802.11ah: Energy efficient {MAC} protocols for long range wireless {LAN}},
year = {2014}
}

@article{Park2014b,
author = {Park, Chul Wan and Hwang, Duckdong and Lee, Tae-Jin},
doi = {10.1109/LCOMM.2014.2323311},
journal = {IEEE Communications Letters},
number = {7},
pages = {1151--1154},
title = {Enhancement of {IEEE} 802.11ah {MAC} for {M2M} Communications},
volume = {18},
year = {2014}
}


@article{Ogawa2013,
author = {Ogawa, Kohei and Morikura, Masahiro and Yamamoto, Koji and Sugihara, Tomoyuki},
journal = {IEICE Transactions on Communications},
number = {12},
pages = {2976--2985},
title = {{IEEE} 802.11ah Based {M2M} Networks Employing Virtual Grouping and Power Saving Methods},
volume = {E96-B},
year = {2013}
}

@inproceedings{Raeesi2014a,
author = {Raeesi, Orod and Pirskanen, Juho and Hazmi, Ali and Levanen, Toni and Valkama, Mikko},
booktitle = {IEEE International Conference on Communications Workshops (ICC)},
doi = {10.1109/ICCW.2014.6881241},
pages = {460--466},
title = {Performance evaluation of {IEEE} 802.11ah and its restricted access window mechanism},
year = {2014}
}

@inproceedings{Raeesi2014b,
author = {Raeesi, Orod and Pirskanen, Juho and Hazmi, Ali and Talvitie, Jukka and Valkama, Mikko},
booktitle = {IEEE International Conference on Distributed Computing in Sensor Systems},
doi = {10.1109/DCOSS.2014.18},
pages = {287--293},
title = {Performance Enhancement and Evaluation of {IEEE} 802.11ah Multi-Access Point Network Using Restricted Access Window Mechanism},
year = {2014}
}

@article{Yoon2016,
author = {Yoon, Sung Guk and Seo, Jeong O. and Bahk, Saewoong},
doi = {10.1016/j.comnet.2016.05.011},
journal = {Computer Networks},
pages = {22--32},
title = {Regrouping algorithm to alleviate the hidden node problem in 802.11ah networks},
volume = {105},
year = {2016}
}


@ARTICLE{80211ahStd, 
journal={IEEE Std 802.11ah-2016 (Amendment to IEEE Std 802.11-2016, as amended by IEEE Std 802.11ai-2016)}, 
title={{IEEE} Standard for Information technology--Telecommunications and information exchange between systems - Local and metropolitan area networks--Specific requirements - Part 11: Wireless LAN Medium Access Control (MAC) and Physical Layer (PHY) Specifications Amendment 2: Sub 1 GHz License Exempt Operation}, 
year={2017}, 
pages={1-594}, 
keywords={IEEE Standards;Licenses;Media Access Protocol;OFDM;Physical layer;Wireless LAN;IEEE 802.11ah;MAC;OFDM;PHY;WLAN;long transmission range;low power consumption;medium access control;narrower bandwidth;orthogonal frequency division multiplexing;physical layer;sub 1 GHz;wireless local area network}, 
doi={10.1109/IEEESTD.2017.7920364}, 
month={April},}


@INPROCEEDINGS{Sensys2017, 
author={Tian, Le and Santi, Serena and Latr\'e, Steven and Famaey, Jeroen}, 
booktitle={15th ACM Conference on Embedded Networked Sensor Systems Workshops (SenSys)}, 
title={Accurate Sensor Traffic Estimation for Station Grouping in Highly Dense {IEEE} 802.11ah Networks}, 
year={2017},
}

@Article{Sensor2017,
AUTHOR = {Tian, Le and Khorov, Evgeny and Latré, Steven and Famaey, Jeroen},
TITLE = {Real-Time Station Grouping under Dynamic Traffic for IEEE 802.11ah},
JOURNAL = {Sensors},
VOLUME = {17},
YEAR = {2017},
NUMBER = {7},
ARTICLE NUMBER = {1559},
URL = {http://www.mdpi.com/1424-8220/17/7/1559},
ISSN = {1424-8220},
DOI = {10.3390/s17071559}
}


@INPROCEEDINGS{WoWMoM2016, 
author={Tian, Le and Famaey, Jeroen and Latr\'e, Steven}, 
booktitle={IEEE 17th International Symposium on A World of Wireless, Mobile and Multimedia Networks (WoWMoM)}, 
title={Evaluation of the {IEEE} 802.11ah Restricted Access Window mechanism for dense {IoT} networks}, 
year={2016},
doi={10.1109/WoWMoM.2016.7523502}
}


@inproceedings{WNS32016,
 author = {Tian, Le and Deronne, S{\'e}bastien and Latr{\'e}, Steven and Famaey, Jeroen},
 title = {Implementation and Validation of an {IEEE} 802.11Ah Module for ns-3},
 booktitle = {Proceedings of the Workshop on Ns-3 (WNS3)},
 year = {2016},
 isbn = {978-1-4503-4216-2},
 pages = {49--56},
 doi = {10.1145/2915371.2915372}
} 
@inproceedings{WNS32018,
 author = {Tian, Le and \v{S}ljivo, Amina and Santi, Serena and De Poorter, Eli and Hoebeke, Jeroen and Famaey, Jeroen},
 title = {Extension of the IEEE 802.11Ah Ns-3 Simulation Module},
 booktitle = {Proceedings of the 10th Workshop on Ns-3},
 series = {WNS3 '18},
 year = {2018},
 isbn = {978-1-4503-6413-3},
 location = {Surathkal, India},
 pages = {53--60},
 numpages = {8},
 url = {http://doi.acm.org/10.1145/3199902.3199906},
 doi = {10.1145/3199902.3199906},
 acmid = {3199906},
 publisher = {ACM},
 address = {New York, NY, USA},
 keywords = {IEEE 802.11ah, internet of things (IoT), ns-3, restricted access window (RAW), traffic indication map (TIM) segmentation},
}

@inproceedings{Zheng2013,
author = {Zheng, Lei and Cai, Lin and Pan, Jianping and Ni, Minming},
booktitle = {IEEE Global Communications Conference (GLOBECOM)},
doi = {10.1109/GLOCOM.2013.6831074},
pages = {219--224},
title = {Performance analysis of grouping strategy for dense {IEEE} 802.11 networks}}
year = {2013}
}

@inproceedings{Bel2014,
author = {Bel, Albert and Adame, Toni and Bellalta, Boris and Barcelo, Jaume and Gonzalez, Javier and Oliver, Miquel},
booktitle = {Proceedings of 20th European Wireless Conference},
title = {{CAS}-based Channel Access Protocol for {IEEE} 802.11ah {WLANs}},
year = {2014}
}

@inproceedings{Chang2015,
author = {Chang, Tung-Chun and Lin, Chi-Han and Lin, Kate Ching-Ju and Chen, Wen-Tsuen},
booktitle = {IEEE Global Communications Conference (GLOBECOM)},
doi = {10.1109/GLOCOM.2015.7417476},
title = {Load-Balanced Sensor Grouping for {IEEE} 802.11ah Networks},
year = {2015}
}


@article{Damayanti2016,
author = {Damayanti, Wayan and Kim, Sanghyun and Yun, Ji-Hoon},
doi = {10.1016/j.comnet.2016.09.006},
journal = {Computer Networks},
pages = {296--306},
title = {Collision chain mitigation and hidden device-aware grouping in large-scale {IEEE} 802.11ah networks},
volume = {108},
year = {2016}
}

@inproceedings{Dong2016,
author = {Dong, Mengxi and Wu, Zhanji and Gao, Xiang and Zhao, Huan},
booktitle = {Sixth International Conference on Information Science and Technology (ICIST)},
doi = {10.1109/ICIST.2016.7483405},
pages = {168--173},
title = {An efficient spatial group restricted access window scheme for {IEEE} 802.11ah networks},
year = {2016}


@article{jones1998efficient,
  title={Efficient global optimization of expensive black-box functions},
  author={Jones, Donald R and Schonlau, Matthias and Welch, William J},
  journal={Journal of Global optimization},
  volume={13},
  number={4},
  pages={455--492},
  year={1998},
  publisher={Springer}
}
}

@Article{sensors80211ah,
AUTHOR = {BaÃ±os-Gonzalez, Victor and Afaqui, M. Shahwaiz and Lopez-Aguilera, Elena and Garcia-Villegas, Eduard},
TITLE = {{IEEE} 802.11ah: A Technology to Face the IoT Challenge},
JOURNAL = {Sensors},
VOLUME = {16},
YEAR = {2016},
NUMBER = {11},
ARTICLE NUMBER = {1960},
URL = {http://www.mdpi.com/1424-8220/16/11/1960},
ISSN = {1424-8220},
DOI = {10.3390/s16111960}
}


@inproceedings{hawe2006balancing,
  title={Balancing exploration exploitation using kriging surrogate models in electromagnetic design optimization},
  author={Hawe, GI and Sykulski, JK},
  booktitle={Electromagnetic Field Computation, 2006 12th Biennial IEEE Conference on},
  pages={229--229},
  year={2006},
  organization={IEEE}
}

@article{SUMOtoolbox2010,
 author = {Gorissen, Dirk and Couckuyt, Ivo and Demeester, Piet and Dhaene, Tom and Crombecq, Karel},
 title = {A Surrogate Modeling and Adaptive Sampling Toolbox for Computer Based Design},
 journal = {J. Mach. Learn. Res.},
 issue_date = {3/1/2010},
 volume = {11},
 month = aug,
 year = {2010},
 issn = {1532-4435},
 pages = {2051--2055},
 numpages = {5},
 url = {http://dl.acm.org/citation.cfm?id=1756006.1859919},
 acmid = {1859919},
 publisher = {JMLR.org},
} 


@article{mehari2015,
  title={Efficient global optimization of multi-parameter network problems on wireless testbeds},
  author={Mehari, Michael T and De Poorter, Eli and Couckuyt, Ivo and Deschrijver, Dirk and Vanhie-Van Gerwen, Jono and Pareit, Daan and Dhaene, Tom and Moerman, Ingrid},
  journal={Ad Hoc Networks},
  volume={29},
  pages={15--31},
  year={2015},
  publisher={Elsevier}
}

@article{mehari2016,
  title={Efficient identification of a multi-objective pareto front on a wireless experimentation facility},
  author={Mehari, Michael Tetemke and De Poorter, Eli and Couckuyt, Ivo and Deschrijver, Dirk and Vermeeren, G{\"u}nter and Plets, David and Joseph, Wout and Martens, Luc and Dhaene, Tom and Moerman, Ingrid},
  journal={IEEE Transactions on Wireless Communications},
  volume={15},
  number={10},
  pages={6662--6675},
  year={2016},
  publisher={IEEE}
}


@book{jain1984quantitative,
  title={A quantitative measure of fairness and discrimination for resource allocation in shared computer system},
  author={Jain, Raj and Chiu, Dah-Ming and Hawe, William R},
  volume={38},
  year={1984},
  publisher={Eastern Research Laboratory, Digital Equipment Corporation Hudson, MA}
}

@article{van2015fuzzy,
  title={A fuzzy hybrid sequential design strategy for global surrogate modeling of high-dimensional computer experiments},
  author={van der Herten, Joachim and Couckuyt, Ivo and Deschrijver, Dirk and Dhaene, Tom},
  journal={SIAM Journal on Scientific Computing},
  volume={37},
  number={2},
  pages={A1020--A1039},
  year={2015},
  publisher={SIAM}
}


@inproceedings{crombecq2009novel,
  title={A novel sequential design strategy for global surrogate modeling},
  author={Crombecq, Karel and De Tommasi, Luciano and Gorissen, Dirk and Dhaene, Tom},
  booktitle={Simulation Conference (WSC), Proceedings of the 2009 Winter},
  pages={731--742},
  year={2009},
  organization={IEEE}
}

@article{JMLRv15couckuyt14a,
  author  = {Ivo Couckuyt and Tom Dhaene and Piet Demeester},
  title   = {ooDACE Toolbox: A Flexible Object-Oriented Kriging Implementation},
  journal = {Journal of Machine Learning Research},
  year    = {2014},
  volume  = {15},
  pages   = {3183-3186},
  url     = {http://jmlr.org/papers/v15/couckuyt14a.html}
}


@inproceedings{FAViana2013,
author = {F.A. Viana},
booktitle = {the 10th World Congress on Structural and Multidisciplinary Optimization},
title = {Things you wanted to know about the Latin hypercube design and were afraid to ask},
year = {2013}
}

@inproceedings{van2016sensitivity,
  title={Sensitivity analysis of expensive black-box systems using metamodeling},
  author={Van Steenkiste, Tom and van der Herten, Joachim and Couckuyt, Ivo and Dhaene, Tom},
  booktitle={Winter Simulation Conference (WSC), 2016},
  pages={578--589},
  year={2016},
  organization={IEEE}
}

@article{SUMOWirelessConferencing,
  author       = {Mehari, Michael and De Poorter, Eli and Couckuyt, Ivo and Deschrijver, Dirk and Vermeeren, G{\"u}nter and Plets, David and Joseph, Wout and Martens, Luc and Dhaene, Tom and Moerman, Ingrid},
  issn         = {1536-1276},
  journal      = {IEEE Transactions on Wireless Communications},
  number       = {10},
  pages        = {6662--6675},
  title        = {Efficient identification of a multi-objective pareto front on a wireless experimentation facility},
  volume       = {15},
  year         = {2016}
}

@ARTICLE{LTEoptimization, 
author={H. Braham and S. B. Jemaa and G. Fort and E. Moulines and B. Sayrac}, 
journal={IEEE Transactions on Vehicular Technology}, 
title={Fixed Rank Kriging for Cellular Coverage Analysis}, 
year={2017}, 
volume={66}, 
number={5}, 
pages={4212-4222}, 
keywords={3G mobile communication;cellular radio;computational complexity;interpolation;minimisation;statistical analysis;telecommunication network planning;3GPP MDT feature;FRK algorithm;battery consumption;cellular coverage analysis;computational complexity;coverage estimation;coverage optimization;coverage planning;coverage prediction;fixed rank Kriging;geo-located field measurement;radio measurements;radio network operator;signaling overhead;spatially interpolation geo-located measurement;third-generation partnership project minimization of drive tests feature;user mobile device;Adaptation models;Computational complexity;Estimation;Mobile handsets;Optimization;Prediction algorithms;Predictive models;Coverage map;expectation-maximization (EM) algorithm;fixed rank Kriging (FRK);radio environment map (REM);spatial statistics;wireless network}, 
doi={10.1109/TVT.2016.2599842}, 
ISSN={0018-9545}, 
month={May},}

@inproceedings{wowmom2018, 
author={Tian, Le and Mehari, Michael and Santi, Serena and Latr\'e, Steven and De Poorter, Eli and Famaey, Jeroen}, 
booktitle={IEEE International Symposium on A World of Wireless, Mobile and Multimedia Networks (WoWMoM)}, 
title={{IEEE} 802.11ah Restricted Access Window Surrogate Model for Real-Time Station Grouping}, 
year={2018} 
}

@inproceedings{bellekens2017outdoor,
  title={Outdoor IEEE 802.11 ah range characterization using validated propagation models},
  author={Bellekens, Ben and Tian, Le and Boer, Pepijn and Weyn, Maarten and Famaey, Jeroen},
  booktitle={GLOBECOM 2017-2017 IEEE Global Communications Conference},
  pages={1--6},
  year={2017},
  organization={IEEE}
}


@inproceedings{Evgeny2018, 
author={Lyakhov, Andrey and Khorov, Evgeny and Yusupov, Ruslan}, 
booktitle={IEEE International Symposium on A World of Wireless, Mobile and Multimedia Networks (WoWMoM)}, 
title={Two-Slot Based Model of the {IEEE} 802.11ah Restricted Access Window with Enabled Transmissions Crossing Slot Boundaries}, 
year={2018} 
}

@ARTICLE{Chang2018, 
author={T. Chang and C. Lin and K. C. Lin and W. Chen}, 
journal={IEEE Transactions on Mobile Computing}, 
title={Traffic-Aware Sensor Grouping for IEEE 802.11ah Networks: Regression Based Analysis and Design}, 
year={2018}, 
volume={}, 
number={}, 
pages={1-1}, 
keywords={Media Access Protocol;Temperature sensors;Mobile computing;IEEE 802.11 Standard;Analytical models;Load modeling;Internet of Things;802.11ah;grouping-based MAC protocol;IoT networks}, 
doi={10.1109/TMC.2018.2840692}, 
ISSN={1536-1233}, 
month={},}


@article{gopinath2018mathematical,
  title={Mathematical and simulation analysis of contention resolution mechanism for IEEE 802.11 ah networks},
  author={Gopinath, A Justin and Nithya, B},
  journal={Computer Communications},
  volume={124},
  pages={87--100},
  year={2018},
  publisher={Elsevier}
}

@article{bianchi2000performance,
  title={Performance analysis of the IEEE 802.11 distributed coordination function},
  author={Bianchi, Giuseppe},
  journal={IEEE Journal on selected areas in communications},
  volume={18},
  number={3},
  pages={535--547},
  year={2000},
  publisher={IEEE}
}


% @techreport{802.11ahStandard, 
% 	author={IEEE Std 802.11ah-2016}, 
% 	title={Wireless LAN Medium Access Control (MAC) and Physical Layer (PHY) Specifications Amendment 2: Sub 1 GHz License Exempt Operation}, 
% 	year={2017},
%     type = {Institute of Electrical and Electronics Engineers (IEEE)}
% }


@article{arf1997,
  title={WaveLAN{\textregistered}-II: a high-performance wireless LAN for the unlicensed band},
  author={Kamerman, Ad and Monteban, Leo},
  journal={Bell Labs technical journal},
  volume={2},
  number={3},
  pages={118--133},
  year={1997},
  publisher={Wiley Online Library}
}

@inproceedings{rbar2001,
  title={A rate-adaptive MAC protocol for multi-hop wireless networks},
  author={Holland, Gavin and Vaidya, Nitin and Bahl, Paramvir},
  booktitle={Proceedings of the 7th annual international conference on Mobile computing and networking},
  pages={236--251},
  year={2001},
  organization={ACM}
}

@inproceedings{aarf2004,
  title={{IEEE} 802.11 rate adaptation: a practical approach},
  author={Lacage, Mathieu and Manshaei, Mohammad Hossein and Turletti, Thierry},
  booktitle={Proceedings of the 7th ACM international symposium on Modeling, analysis and simulation of wireless and mobile systems},
  pages={126--134},
  year={2004},
  organization={ACM}
}


@online{Onoe,
  title = {{Madwifi Project},
  url = {http://madwifi.sourceforge.net/},
  urldate = {2009-03-23}
}

@inproceedings{Minstrel2013,
  title={Evaluation of the Minstrel rate adaptation algorithm in IEEE 802.11 g WLANs},
  author={Xia, Dong and Hart, Jonathan and Fu, Qiang},
  booktitle={Communications (ICC), 2013 IEEE International Conference on},
  pages={2223--2228},
  year={2013},
  organization={IEEE}
}

@online{minstrel,
  title = {{Minstrel Rate Adaptation Algorithm Documentation},
  url = {https://sourceforge.net/p/madwifi/svn/HEAD/tree/madwifi/trunk/ath_rate/minstrel/minstrel.txt},
}


@inproceedings{viana2013,
	author = {Viana, Felipe A. C.},
    title = {Things you wanted to know about the Latin hypercube design and were afraid to ask},
    booktitle = {10th World Congress on Structural and Multidisciplinary Optimization},
    year = {2013}
}

@article{wong1997sampling,
  title={Sampling with Hammersley and Halton points},
  author={Wong, Tien-Tsin and Luk, Wai-Shing and Heng, Pheng-Ann},
  journal={Journal of graphics tools},
  volume={2},
  number={2},
  pages={9--24},
  year={1997},
  publisher={Taylor \& Francis}
}

@article{vanderherten2015,
  author  = {van der Herten, Joachim and Couckuyt, Ivo and Deschrijver, Dirk and Dhaene, Tom}, 
  title   = {A Fuzzy Hybrid Sequential Design Strategy for Global Surrogate Modeling of High-Dimensional Computer Experiments},
  journal = {SIAM Journal of Scientific Computing},
  year    = 2015,
  volume = 37,
  number = 2,
  pages = {1020--1039}
}


@book{forrester2008engineering,
  title={Engineering design via surrogate modelling: a practical guide},
  author={Forrester, Alexander and Keane, Andy and others},
  year={2008},
  publisher={John Wiley \& Sons}
}